

@inproceedings{oest2019phishfarm,
  title={Phishfarm: A scalable framework for measuring the effectiveness of evasion techniques against browser phishing blacklists},
  author={Oest, Adam and Safaei, Yeganeh and Doup{\'e}, Adam and Ahn, Gail-Joon and Wardman, Brad and Tyers, Kevin},
  booktitle={2019 IEEE Symposium on Security and Privacy (SP)},
  pages={1344--1361},
  year={2019},
  organization={IEEE}
}

@inproceedings{peng2019happens,
  title={What happens after you leak your password: Understanding credential sharing on phishing sites},
  author={Peng, Peng and Xu, Chao and Quinn, Luke and Hu, Hang and Viswanath, Bimal and Wang, Gang},
  booktitle={Proceedings of the 2019 ACM Asia Conference on Computer and Communications Security},
  pages={181--192},
  year={2019}
}

@article{teraguchi2004client,
  title={Client-side defense against web-based identity theft},
  author={Teraguchi, Neil Chou Robert Ledesma Yuka and Mitchell, John C},
  journal={Computer Science Department, Stanford University. Available: http://crypto. stanford. edu/SpoofGuard/webspoof. pdf},
  year={2004}
}

@inproceedings{zhang2007cantina,
  title={Cantina: a content-based approach to detecting phishing web sites},
  author={Zhang, Yue and Hong, Jason I and Cranor, Lorrie F},
  booktitle={Proceedings of the 16th international conference on World Wide Web},
  pages={639--648},
  year={2007}
}

@inproceedings{oest2018inside,
  title={Inside a phisher's mind: Understanding the anti-phishing ecosystem through phishing kit analysis},
  author={Oest, Adam and Safei, Yeganeh and Doup{\'e}, Adam and Ahn, Gail-Joon and Wardman, Brad and Warner, Gary},
  booktitle={2018 APWG Symposium on Electronic Crime Research (eCrime)},
  pages={1--12},
  year={2018},
  organization={IEEE}
}

@inproceedings{pan2006anomaly,
  title={Anomaly based web phishing page detection},
  author={Pan, Ying and Ding, Xuhua},
  booktitle={2006 22nd Annual Computer Security Applications Conference (ACSAC'06)},
  pages={381--392},
  year={2006},
  organization={IEEE}
}

% Netcraft Report. https://report.netcraft.com/report. Accessed 2 July 2020.

@article{varshney2016survey,
  title={A survey and classification of web phishing detection schemes},
  author={Varshney, Gaurav and Misra, Manoj and Atrey, Pradeep K},
  journal={Security and Communication Networks},
  volume={9},
  number={18},
  pages={6266--6284},
  year={2016},
  publisher={Wiley Online Library}
}

@incollection{basnet2008detection,
  title={Detection of phishing attacks: A machine learning approach},
  author={Basnet, Ram and Mukkamala, Srinivas and Sung, Andrew H},
  booktitle={Soft computing applications in industry},
  pages={373--383},
  year={2008},
  publisher={Springer}
}

@inproceedings{afroz2011phishzoo,
  title={Phishzoo: Detecting phishing websites by looking at them},
  author={Afroz, Sadia and Greenstadt, Rachel},
  booktitle={2011 IEEE fifth international conference on semantic computing},
  pages={368--375},
  year={2011},
  organization={IEEE}
}

@inproceedings{medvet2008visual,
  title={Visual-similarity-based phishing detection},
  author={Medvet, Eric and Kirda, Engin and Kruegel, Christopher},
  booktitle={Proceedings of the 4th international conference on Security and privacy in communication netowrks},
  pages={1--6},
  year={2008}
}

@article{fu2006detecting,
  title={Detecting phishing web pages with visual similarity assessment based on earth mover's distance (EMD)},
  author={Fu, Anthony Y and Wenyin, Liu and Deng, Xiaotie},
  journal={IEEE transactions on dependable and secure computing},
  volume={3},
  number={4},
  pages={301--311},
  year={2006},
  publisher={IEEE}
}

@inproceedings{rosiello2007layout,
  title={A layout-similarity-based approach for detecting phishing pages},
  author={Rosiello, Angelo PE and Kirda, Engin and Ferrandi, Fabrizio and others},
  booktitle={2007 Third International Conference on Security and Privacy in Communications Networks and the Workshops-SecureComm 2007},
  pages={454--463},
  year={2007},
  organization={IEEE}
}


@inproceedings{ma2009beyond,
  title={Beyond blacklists: learning to detect malicious web sites from suspicious URLs},
  author={Ma, Justin and Saul, Lawrence K and Savage, Stefan and Voelker, Geoffrey M},
  booktitle={Proceedings of the 15th ACM SIGKDD international conference on Knowledge discovery and data mining},
  pages={1245--1254},
  year={2009}
}

@inproceedings{oest2020phishtime,
  title={PhishTime: Continuous longitudinal measurement of the effectiveness of anti-phishing blacklists},
  author={Oest, Adam and Safaei, Yeganeh and Zhang, Penghui and Wardman, Brad and Tyers, Kevin and Shoshitaishvili, Yan and Doup{\'e}, Adam},
  booktitle={29th $\{$USENIX$\}$ Security Symposium ($\{$USENIX$\}$ Security 20)},
  pages={379--396},
  year={2020}
}

@inproceedings{sharif2016accessorize,
  title={Accessorize to a crime: Real and stealthy attacks on state-of-the-art face recognition},
  author={Sharif, Mahmood and Bhagavatula, Sruti and Bauer, Lujo and Reiter, Michael K},
  booktitle={Proceedings of the 2016 acm sigsac conference on computer and communications security},
  pages={1528--1540},
  year={2016}
}

@inproceedings{liang2016cracking,
  title={Cracking classifiers for evasion: a case study on the google's phishing pages filter},
  author={Liang, Bin and Su, Miaoqiang and You, Wei and Shi, Wenchang and Yang, Gang},
  booktitle={Proceedings of the 25th International Conference on World Wide Web},
  pages={345--356},
  year={2016}
}

@inproceedings{laskov2014practical,
  title={Practical evasion of a learning-based classifier: A case study},
  author={Laskov, Pavel and others},
  booktitle={2014 IEEE symposium on security and privacy},
  pages={197--211},
  year={2014},
  organization={IEEE}
}

@article{lei2020advanced,
  title={Advanced Evasion Attacks and Mitigations on Practical ML-Based Phishing Website Classifiers},
  author={Lei, Yusi and Chen, Sen and Fan, Lingling and Song, Fu and Liu, Yang},
  journal={arXiv preprint arXiv:2004.06954},
  year={2020}
}

@inproceedings{oest2018inside,
  title={Inside a phisher's mind: Understanding the anti-phishing ecosystem through phishing kit analysis},
  author={Oest, Adam and Safei, Yeganeh and Doup{\'e}, Adam and Ahn, Gail-Joon and Wardman, Brad and Warner, Gary},
  booktitle={2018 APWG Symposium on Electronic Crime Research (eCrime)},
  pages={1--12},
  year={2018},
  organization={IEEE}
}


@misc{googlechromeprivacywhitepaper,
title = {Google Chrome Privacy Whitepaper},
author = {Google},
Year = {2020},
howpublished = {\url{https://www.google.com/chrome/privacy/whitepaper.html}}
}

 
@article{dodge2007phishing,
  title={Phishing for user security awareness},
  author={Dodge Jr, Ronald C and Carver, Curtis and Ferguson, Aaron J},
  journal={computers \& security},
  volume={26},
  number={1},
  pages={73--80},
  year={2007},
  publisher={Elsevier}
}

@article{sood2013crimeware,
  title={Crimeware-as-a-serviceâ€”a survey of commoditized crimeware in the underground market},
  author={Sood, Aditya K and Enbody, Richard J},
  journal={International Journal of Critical Infrastructure Protection},
  volume={6},
  number={1},
  pages={28--38},
  year={2013},
  publisher={Elsevier}
}

@article{hong2012state,
  title={The state of phishing attacks},
  author={Hong, Jason},
  journal={Communications of the ACM},
  volume={55},
  number={1},
  pages={74--81},
  year={2012},
  publisher={ACM New York, NY, USA}
}

@article{whittaker2010large,
  title={Large-scale automatic classification of phishing pages},
  author={Whittaker, Colin and Ryner, Brian and Nazif, Marria},
  year={2010}
}

@inproceedings{dhamija2006phishing,
  title={Why phishing works},
  author={Dhamija, Rachna and Tygar, J Doug and Hearst, Marti},
  booktitle={Proceedings of the SIGCHI conference on Human Factors in computing systems},
  pages={581--590},
  year={2006}
}

@article{gupta2018defending,
  title={Defending against phishing attacks: taxonomy of methods, current issues and future directions},
  author={Gupta, Brij B and Arachchilage, Nalin AG and Psannis, Kostas E},
  journal={Telecommunication Systems},
  volume={67},
  number={2},
  pages={247--267},
  year={2018},
  publisher={Springer}
}

@article{sheng2009empirical,
  title={An empirical analysis of phishing blacklists},
  author={Sheng, Steve and Wardman, Brad and Warner, Gary and Cranor, Lorrie and Hong, Jason and Zhang, Chengshan},
  year={2009},
  publisher={Carnegie Mellon University}
}


@misc{google-online-security-blog-2019,
title = {Better password protections in Chrome - How it works},
author = {Patrick Nepper, Kiran C. Nair, Vasilii Sukhanov and Varun Khaneja},
journal = {Google Online Security Blog},
Year = {2019},
month = {Dec},
howpublished = {\url{https://security.googleblog.com/2019/12/better-password-protections-in-chrom.html}}
}

@inproceedings{bell2020analysis,
  title={An Analysis of Phishing Blacklists: Google Safe Browsing, OpenPhish, and PhishTank},
  author={Bell, Simon and Komisarczuk, Peter},
  booktitle={Proceedings of the Australasian Computer Science Week Multiconference},
  pages={1--11},
  year={2020}
}

@inproceedings{fette2007learning,
  title={Learning to detect phishing emails},
  author={Fette, Ian and Sadeh, Norman and Tomasic, Anthony},
  booktitle={Proceedings of the 16th international conference on World Wide Web},
  pages={649--656},
  year={2007}
}
@article{cova2008there,
  title={There Is No Free Phish: An Analysis of" Free" and Live Phishing Kits.},
  author={Cova, Marco and Kruegel, Christopher and Vigna, Giovanni},
  journal={WOOT},
  volume={8},
  pages={1--8},
  year={2008}
}

@inproceedings{chhabra2011phi,
  title={Phi. sh/ocial: the phishing landscape through short urls},
  author={Chhabra, Sidharth and Aggarwal, Anupama and Benevenuto, Fabricio and Kumaraguru, Ponnurangam},
  booktitle={Proceedings of the 8th Annual Collaboration, Electronic messaging, Anti-Abuse and Spam Conference},
  pages={92--101},
  year={2011}
}

@article{egele2008survey,
  title={A survey on automated dynamic malware-analysis techniques and tools},
  author={Egele, Manuel and Scholte, Theodoor and Kirda, Engin and Kruegel, Christopher},
  journal={ACM computing surveys (CSUR)},
  volume={44},
  number={2},
  pages={1--42},
  year={2008},
  publisher={ACM New York, NY, USA}
}

@article{xuposter,
  title={Poster: Automatically Evading Classifiers},
  author={Xu, Weilin and Qi, Yanjun and Evans, David}
}

@article{chen2018automated,
  title={Automated poisoning attacks and defenses in malware detection systems: An adversarial machine learning approach},
  author={Chen, Sen and Xue, Minhui and Fan, Lingling and Hao, Shuang and Xu, Lihua and Zhu, Haojin and Li, Bo},
  journal={computers \& security},
  volume={73},
  pages={326--344},
  year={2018},
  publisher={Elsevier}
}

@article{hu2017black,
  title={Black-box attacks against RNN based malware detection algorithms},
  author={Hu, Weiwei and Tan, Ying},
  journal={arXiv preprint arXiv:1705.08131},
  year={2017}
}

@inproceedings{han2016phisheye,
  title={Phisheye: Live monitoring of sandboxed phishing kits},
  author={Han, Xiao and Kheir, Nizar and Balzarotti, Davide},
  booktitle={Proceedings of the 2016 ACM SIGSAC Conference on Computer and Communications Security},
  pages={1402--1413},
  year={2016}
}

@inproceedings{anderson2019adversarial,
  title={Adversarial Sampling Attacks Against Phishing Detection},
  author={Anderson, Charles},
  booktitle={Data and Applications Security and Privacy XXXIII: 33rd Annual IFIP WG 11.3 Conference, DBSec 2019, Charleston, SC, USA, July 15--17, 2019, Proceedings},
  volume={11559},
  pages={83},
  year={2019},
  organization={Springer}
}

@misc{statcountermobile,
title = {Mobile Browser Market Share Worldwide},
author = {StatCounter Global Stats},
Year = {2020},
howpublished = {\url{https://gs.statcounter.com/browser-market-share/mobile/worldwide/#monthly-201910-202010}}
}


@inproceedings{aleroud2020bypassing,
  title={Bypassing Detection of URL-based Phishing Attacks Using Generative Adversarial Deep Neural Networks},
  author={AlEroud, Ahmed and Karabatis, George},
  booktitle={Proceedings of the Sixth International Workshop on Security and Privacy Analytics},
  pages={53--60},
  year={2020}
}

@article{sabir2020evasion,
  title={An Evasion Attack against ML-based Phishing URL Detectors},
  author={Sabir, Bushra and Babar, M Ali and Gaire, Raj},
  journal={arXiv preprint arXiv:2005.08454},
  year={2020}
}

@article{samarasinghe2020cloaking,
  title={On Cloaking Behaviors of Malicious Websites},
  author={Samarasinghe, Nayanamana and Mannan, Mohammad},
  journal={Computers \& Security},
  pages={102114},
  year={2020},
  publisher={Elsevier}
}

@inproceedings{invernizzi2016cloak,
  title={Cloak of visibility: Detecting when machines browse a different web},
  author={Invernizzi, Luca and Thomas, Kurt and Kapravelos, Alexandros and Comanescu, Oxana and Picod, Jean-Michel and Bursztein, Elie},
  booktitle={2016 IEEE Symposium on Security and Privacy (SP)},
  pages={743--758},
  year={2016},
  organization={IEEE}
}

@inproceedings{panum2020towards,
  title={Towards Adversarial Phishing Detection},
  author={Panum, Thomas Kobber and Hageman, Kaspar and Hansen, Ren{\'e} Rydhof and Pedersen, Jens Myrup},
  booktitle={13th $\{$USENIX$\}$ Workshop on Cyber Security Experimentation and Test ($\{$CSET$\}$ 20)},
  year={2020}
}

@misc{statcounterdesktop,
title = {Desktop Browser Market Share Worldwide},
author = {StatCounter Global Stats},
Year = {2020},
howpublished = {\url{https://gs.statcounter.com/browser-market-share/desktop/worldwide/#monthly-201910-202010}}
}

@misc{statcounterall,
title = {Desktop, Mobile & Tablet Browser Market Share Worldwide},
author = {StatCounter Global Stats},
Year = {2020},
howpublished = {\url{https://gs.statcounter.com/browser-market-share/desktop-mobile-tablet/worldwide/#monthly-201910-202010}}
}

@inproceedings{thomas2013trafficking,
  title={Trafficking fraudulent accounts: The role of the underground market in Twitter spam and abuse},
  author={Thomas, Kurt and McCoy, Damon and Grier, Chris and Kolcz, Alek and Paxson, Vern},
  booktitle={22nd $\{$USENIX$\}$ Security Symposium ($\{$USENIX$\}$ Security 13)},
  pages={195--210},
  year={2013}
}

@inproceedings{holz2009learning,
  title={Learning more about the underground economy: A case-study of keyloggers and dropzones},
  author={Holz, Thorsten and Engelberth, Markus and Freiling, Felix},
  booktitle={European Symposium on Research in Computer Security},
  pages={1--18},
  year={2009},
  organization={Springer}
}

@article{mcgrath2008behind,
  title={Behind Phishing: An Examination of Phisher Modi Operandi.},
  author={McGrath, D Kevin and Gupta, Minaxi},
  journal={LEET},
  volume={8},
  pages={4},
  year={2008}
}

@article{aleroud2017phishing,
  title={Phishing environments, techniques, and countermeasures: A survey},
  author={Aleroud, Ahmed and Zhou, Lina},
  journal={Computers \& Security},
  volume={68},
  pages={160--196},
  year={2017},
  publisher={Elsevier}
} 

@inproceedings{oest2020sunrise,
  title={Sunrise to Sunset: Analyzing the End-to-end Life Cycle and Effectiveness of Phishing Attacks at Scale},
  author={Oest, Adam and Zhang, Penghui and Wardman, Brad and Nunes, Eric and Burgis, Jakub and Zand, Ali and Thomas, Kurt and Doup{\'e}, Adam and Ahn, Gail-Joon},
  booktitle={29th $\{$USENIX$\}$ Security Symposium ($\{$USENIX$\}$ Security 20)},
  year={2020}
}

@misc{browsermarketshare,
title = {Browser Market Share},
author = {Net MarketShare},
Year = {2020},
howpublished = {\url{https://netmarketshare.com/browser-market-share.aspx?}}
}

 @misc{mjcaparas, 
 title={Microsoft Defender SmartScreen overview (Windows 10) - Windows security}, url={https://docs.microsoft.com/en-us/windows/security/threat-protection/microsoft-defender-smartscreen/microsoft-defender-smartscreen-overview}, journal={overview (Windows 10) - Windows security | Microsoft Docs}, 
 author={Mjcaparas}
 }  

 @misc{cimpanu_2019,
 title = {Google Chrome to get warnings for ``lookalike URLs"},
 howpublished = {\url{https://zd.net/2RZkQ6m}},
 journal={ZDNet},
 publisher={ZDNet},
 author={Cimpanu, Catalin},
 Year = {2019} 
 }
 
@inproceedings{egelman2008you,
  title={You've been warned: an empirical study of the effectiveness of web browser phishing warnings},
  author={Egelman, Serge and Cranor, Lorrie Faith and Hong, Jason},
  booktitle={Proceedings of the SIGCHI Conference on Human Factors in Computing Systems},
  pages={1065--1074},
  year={2008}
}

@inproceedings{tsalis2014browser,
  title={Browser blacklists: the Utopia of phishing protection},
  author={Tsalis, Nikolaos and Virvilis, Nikos and Mylonas, Alexios and Apostolopoulos, T and Gritzalis, Dimitris},
  booktitle={International Conference on E-Business and Telecommunications},
  pages={278--293},
  year={2014},
  organization={Springer}
}
@inproceedings{akhawe2013alice,
  title={Alice in warningland: A large-scale field study of browser security warning effectiveness},
  author={Akhawe, Devdatta and Felt, Adrienne Porter},
  booktitle={22nd $\{$USENIX$\}$ Security Symposium ($\{$USENIX$\}$ Security 13)},
  pages={257--272},
  year={2013}
}
@inproceedings{huang2009browser,
  title={Browser-side countermeasures for deceptive phishing attack},
  author={Huang, Huajun and Zhong, Shaohong and Tan, Junshan},
  booktitle={2009 Fifth International Conference on Information Assurance and Security},
  volume={1},
  pages={352--355},
  year={2009},
  organization={IEEE}
}

@inproceedings{mazher2013web,
  title={Which web browser work best for detecting phishing},
  author={Mazher, Noman and Ashraf, Imran and Altaf, Ayesha},
  booktitle={2013 5th International Conference on Information and Communication Technologies},
  pages={1--5},
  year={2013},
  organization={IEEE}
}

@inproceedings{yue2008anti,
  title={Anti-phishing in offense and defense},
  author={Yue, Chuan and Wang, Haining},
  booktitle={2008 Annual Computer Security Applications Conference (ACSAC)},
  pages={345--354},
  year={2008},
  organization={IEEE}
}

@article{marchal2017off,
  title={Off-the-hook: An efficient and usable client-side phishing prevention application},
  author={Marchal, Samuel and Armano, Giovanni and Gr{\"o}ndahl, Tommi and Saari, Kalle and Singh, Nidhi and Asokan, N},
  journal={IEEE Transactions on Computers},
  volume={66},
  number={10},
  pages={1717--1733},
  year={2017},
  publisher={IEEE}
}

@inproceedings{sunshine2009crying,
  title={Crying Wolf: An Empirical Study of SSL Warning Effectiveness.},
  author={Sunshine, Joshua and Egelman, Serge and Almuhimedi, Hazim and Atri, Neha and Cranor, Lorrie Faith},
  booktitle={USENIX security symposium},
  pages={399--416},
  year={2009},
  organization={Montreal, Canada}
}

@inproceedings{virvilis2014mobile,
  title={Mobile devices: A phisher's paradise},
  author={Virvilis, Nikos and Tsalis, Nikolaos and Mylonas, Alexios and Gritzalis, Dimitris},
  booktitle={2014 11th International Conference on Security and Cryptography (SECRYPT)},
  pages={1--9},
  year={2014},
  organization={IEEE}
}

@article{abrams2013browser,
  title={Browser Security Comparative Analysis},
  author={Abrams, R and Barrera, Orlando and Pathak, J},
  journal={NSS Labs},
  year={2013}
}

@misc{APWG,
  title = {Anti-Phishing Working Group: APWG Trends Report Q3 2020},
  author = {Daniel Murfet},
  note  =  {\url{https://docs.apwg.org/reports/apwg-trends-report-q3-2020.pdf}},
  note = {Accessed: 12-8-2020},
}

 @misc{mardini_2019, title = {Better password protections in Chrome}, author = {Mardini, AbdelKarim}, Journal={Google} Year = {2019}, month={Dec},
 howpublished = {\url{https://blog.google/products/chrome/better-password-protections}} }
 
 @misc{safebrowsing,
    title = {Google Safe Browsing Transparency Report},
    author = {Google},
    note = {\url{https://safebrowsing.google.com/}}
 }
 
  @misc{gsbapi,
  author={Google},
  title={Safe Browsing APIs (v4)}, howpublished={\url{https://developers.google.com/safe-browsing/v4/}}, journal={Google}, 
  publisher={Google},
  key={gsbapi}
  }
 @misc{internet crime complaint center (ic3) | business e-mail compromise the 12 billion dollar scam, title={Internet Crime Complaint Center (IC3): Business E-mail Compromise The 12 Billion Dollar Scam}, url={https://www.ic3.gov/Media/Y2018/PSA180712}, journal={Internet Crime Complaint Center (IC3) | Business E-mail Compromise The 12 Billion Dollar Scam}} 
 @inproceedings{hao2013understanding,
  title={Understanding the domain registration behavior of spammers},
  author={Hao, Shuang and Thomas, Matthew and Paxson, Vern and Feamster, Nick and Kreibich, Christian and Grier, Chris and Hollenbeck, Scott},
  booktitle={Proceedings of the 2013 conference on Internet measurement conference},
  pages={63--76},
  year={2013}
}
@inproceedings{nero2011phishing,
  title={Phishing: Crime that pays},
  author={Nero, Philip J and Wardman, Brad and Copes, Heith and Warner, Gary},
  booktitle={2011 eCrime Researchers Summit},
  pages={1--10},
  year={2011},
  organization={IEEE}
}


@book{wang2011verilogo,
  title={Verilogo: Proactive phishing detection via logo recognition},
  author={Wang, Ge and Liu, He and Becerra, Sebastian and Wang, Kai and Belongie, Serge J and Shacham, Hovav and Savage, Stefan},
  year={2011},
  publisher={Department of Computer Science and Engineering, University of California~â€¦}
}
@inproceedings{bitaab2020scampandamic,
	title        = {{Scam Pandemic: How Attackers Exploit Public Fear through Phishing}},
	author       = {Bitaab, Marzieh and Cho, Haehyun and Oest, Adam and Zhang, Penghui and Sun, Zhibo and Pourmohamad, Rana and Kim, Doowon and Bao, Tiffany and Wang, Ruoyu and Shoshitaishvili, Yan and Doup{\'e}, Adam and Ahn, Gail-Joon},
	booktitle    = {2020 APWG Symposium on Electronic Crime Research (eCrime)},
	month        = November,
	year         = 2020
}

 @misc{cybercdh, 
 title={cybercdh/kitphishr},
 url={https://github.com/cybercdh/kitphishr},
 journal={GitHub},
 author={Cybercdh}
 }
 
@inproceedings{mccalley2011analysis,
  title={Analysis of back-doored phishing kits},
  author={McCalley, Heather and Wardman, Brad and Warner, Gary},
  booktitle={IFIP International Conference on Digital Forensics},
  pages={155--168},
  year={2011},
  organization={Springer}
}

@misc{statcounterglobalstats,
title={Desktop vs Mobile vs Tablet Market Share Worldwide}, url={https://gs.statcounter.com/platform-market-share/desktop-mobile-tablet/worldwide},
journal={StatCounter Global Stats}
} 

@inproceedings{luo2017hindsight,
  title={Hindsight: Understanding the evolution of ui vulnerabilities in mobile browsers},
  author={Luo, Meng and Starov, Oleksii and Honarmand, Nima and Nikiforakis, Nick},
  booktitle={Proceedings of the 2017 ACM SIGSAC Conference on Computer and Communications Security},
  pages={149--162},
  year={2017}
}

@article{burns2019spear,
  title={Spear phishing in a barrel: Insights from a targeted phishing campaign},
  author={Burns, AJ and Johnson, M Eric and Caputo, Deanna D},
  journal={Journal of Organizational Computing and Electronic Commerce},
  volume={29},
  number={1},
  pages={24--39},
  year={2019},
  publisher={Taylor \& Francis}
}













